4830 5806
314 557 484 647 Quibus
522 574 579 630 ex
610 557 903 631 rationibus
940 559 1145 632 constat
1178 561 1324 633 nibil
1360 559 1624 633 constitui
1658 577 1806 647 posse
1843 567 1896 636 de
1931 581 2076 654 gene-

314 757 425 831 tivo
464 761 577 845 quod
611 763 664 832 de
700 755 992 831 nominativo
1027 761 1232 846 plurali
1269 759 1324 832 et
1360 761 1533 833 dativo
1567 763 1776 847 plurali
1814 780 1985 852 quoque
2022 785 2110 838 non

311 958 546 1032 libenter
582 961 755 1034 dicere
788 977 1048 1047 possumus.
1116 960 1262 1034 Ratio
1300 963 1419 1034 enim
1450 962 1720 1035 dativorum
1753 963 2113 1038 contractorum

313 1157 367 1231 et
401 1178 489 1232 non
521 1159 880 1234 contractorum
909 1163 1025 1234 iere
1058 1179 1144 1248 par
1181 1160 1264 1234 est
1297 1161 1504 1234 rationi
1539 1161 1871 1254 genetivorum
1902 1164 2166 1240 contract-

313 1379 433 1435 orum
463 1361 517 1432 et
550 1381 639 1434 non
673 1360 1030 1437 contractorum
1060 1367 1167 1456 sed,
1209 1363 1377 1456 autem,
1419 1365 1563 1438 ratio
1599 1365 1991 1441 nominativorum

313 1559 671 1633 contractorum
703 1559 757 1629 et
790 1578 877 1632 non
910 1561 1269 1635 contractorum
1297 1563 1445 1635 multo
1477 1563 1626 1635 maior
1662 1564 1779 1637 ills
1810 1565 2015 1638 ratione
2054 1567 2159 1640 est.

309 1762 519 1848 Exempla
551 1761 696 1835 certe
735 1779 845 1851 quae
881 1765 1173 1855 collegimus
1208 1763 1482 1854 genetivum
1513 1783 1599 1836 una
1629 1766 1840 1838 littera
1872 1767 1925 1838 ·i
1961 1769 2136 1841 finiri

313 1967 485 2038 debere
520 1983 607 2036 non
640 1965 786 2056 magis
824 1982 939 2053 quam
970 1967 1298 2039 nominativum
1328 1971 1571 2052 pluralem
1600 1967 1685 2038 aut
1722 1968 1931 2042 dativum
1959 1973 2203 2057 pluralem

308 2167 538 2254 probant.
607 2170 905 2242 Possumusne
943 2170 1116 2261 igitur
1151 2175 1444 2244 concludere
1476 2173 1563 2243 nos
1601 2169 1714 2244 tres
1751 2191 1895 2246 casus
1929 2189 2015 2259 per

310 2367 2103 2462 mm·ioemmmwensoeoem?demmssmammvuam

306 2565 454 2638 mitti
489 2565 666 2652 potest
703 2585 792 2640 cum
822 2584 994 2642 causae
1035 2585 1145 2655 quae
1181 2567 1534 2653 scriptoribus
1572 2567 1959 2656 inscriptionum
1988 2569 2045 2642 ut

311 2769 485 2842 formis
521 2767 815 2842 contractis
851 2767 1117 2840 uterentur
1150 2769 1527 2858 persuaserunt,
1570 2773 1627 2841 ed
1660 2773 1779 2842 alia
1810 2788 1987 2862 genera

311 2969 632 3056 scriptionis
671 2987 759 3042 non
788 2968 1110 3056 pertineant.
1184 2972 1318 3061 Quae,
1362 2969 1528 3060 autem,
1571 2973 1623 3042 de
1661 2969 2105 3057 inscriptionibus

309 3166 1918 3255 wmefflessmmminmwwwnmnffssmfflimaemt
1985 3173 2073 3244 Mc

307 3371 424 3440 nodo
462 3367 609 3438 autem
642 3369 933 3440 concludere
968 3386 1229 3456 possumus:
1270 3368 1540 3444 Genetivum
1570 3370 1780 3439 nominum
1812 3369 2080 3440 communium

314 3585 427 3657 quae
463 3569 516 3639 -i
549 3570 762 3642 vocalem
793 3568 905 3640 ante
942 3587 1026 3644 -us
1060 3575 1146 3644 vel
1181 3589 1270 3641 -um
1302 3573 1538 3656 syllabam
1573 3570 1628 3642 in
1659 3569 1954 3642 nominativo
1986 3565 2196 3640 habeant

313 3770 398 3843 aut
430 3787 517 3856 per
551 3785 672 3842 unam
703 3769 757 3840 -i
793 3767 877 3840 aut
910 3788 995 3856 per
1033 3777 1145 3845 duas
1182 3773 1234 3841 -i
1271 3771 1415 3844 recte
1452 3771 1649 3845 scribi.

550 3975 667 4045 Duas
704 3971 1055 4045 conclusiones
1088 3974 1206 4044 baec
1243 3975 1449 4058 exempla
1483 3967 1831 4049 demonstrant:

402 4173 451 4244 1.
522 4169 786 4246 Genetivus
822 4171 1031 4242 nominum
1059 4172 1361 4258 propriorum
1393 4187 1481 4242 una
1514 4170 1567 4242 -i
1603 4169 1777 4244 finiri
1814 4167 1980 4243 solet.

404 4371 451 4444 2.
518 4373 606 4444 Res
642 4387 731 4442 non
764 4371 906 4444 satis
939 4372 1148 4458 probant
1181 4371 1455 4464 genetivum
1483 4371 1693 4444 nominum
1725 4368 1993 4442 communium

552 4588 641 4642 uns
673 4572 728 4642 ·i
764 4572 935 4645 finiri
973 4575 1170 4648 solere.

1426 4787 1438 4822 '¹
1484 4776 1495 4808 ³*
1517 4741 1651 4836 ΙὈῑῐι
1663 4761 1669 4774 ⁸
1686 4749 1767 4832 NR*

1416 4823 1425 4866 ²
1464 4783 1776 5015 uuusssrvr)

1061 4980 1266 5047 ..ooo-.-
1413 4864 1628 5116 Q}
1647 5013 1748 5090 νιίῙἎ

1536 5089 1550 5096 ”“
1622 5091 1676 5116 j

1090 5311 1111 5328 .
1150 5277 1207 5348 33
1243 5313 1263 5328 .
