4770 5822
312 589 576 663 Tettienii
709 581 1086 676 (bie).Videtur
1120 605 1208 661 non
1239 588 1384 662 recte
1422 589 1477 662 in
1896 587 2042 660 16850

703 685 1056 772 inscriptione
1092 684 1329 772 scriptum
1361 702 1498 760 esse.

699 789 852 860 mamam
882 785 1172 874 inscriptio
1211 786 1447 859 ostendit

702 887 1031 962 nominativum
1063 888 1361 980 singularem

710 984 1023 1075 (iettienus)
1063 1005 1198 1063 esse.

550 1293 757 1379 Denique
792 1295 965 1366 fornas
1003 1291 1176 1364 dativi
1209 1293 1446 1378 pluralis
1484 1307 1594 1378 quae
1632 1291 1688 1361 in
1724 1287 2105 1376 inscriptioni-

313 1497 399 1568 bus
433 1493 666 1580 repertae
704 1493 819 1568 sunt
854 1488 1087 1566 tractare
1124 1509 1235 1580 opus
1273 1490 1358 1565 est
1393 1494 1451 1565 ad
1482 1509 1565 1566 res
1602 1493 1655 1564 de
1692 1492 1842 1563 forma
1872 1489 2107 1580 genetivi

315 1693 547 1780 scriptae
585 1692 991 1786 intelligendas.
1061 1697 1147 1766 Duo
1184 1693 1391 1776 exempla
1424 1693 1540 1764 soie
1572 1688 1747 1762 dativi
1782 1689 2018 1777 piuraiis

315 1895 524 1967 nominum
551 1894 852 1980 propriorum
881 1892 1094 1980 reperta
1125 1891 1260 1968 sunt.
1335 1891 1508 1981 Quibus
1545 1892 1600 1964 in
1633 1892 1868 1976 exemplis
1904 1888 2107 1962 dativus

313 2095 549 2182 piureiis
582 2095 669 2168 -ie
705 2093 937 2168 litteris
981 2087 1093 2178 (non
1128 2087 1235 2178 iis)
1275 2091 1591 2166 terminatur.

311 2296 489 2370 Mentis
854 2293 998 2368 22015
1306 2293 1447 2366 Iulis
1755 2288 1899 2366 20200

553 2593 795 2682 Antequam
827 2592 1090 2682 quaerimus
1128 2593 1244 2680 quid
1271 2595 1390 2668 haec
1424 2610 1508 2666 res
1545 2609 1656 2679 quae
1695 2593 1748 2662 de
1784 2592 2048 2664 nominibus

315 2795 549 2882 propriis
586 2793 761 2870 dictae
796 2795 910 2871 eunt
945 2793 1292 2886 significent,
1337 2796 1542 2880 exempla
1602 2792 1815 2865 nominum
1845 2809 1955 2864 com-

313 2997 497 3072 munium
529 2997 584 3070 in
616 2996 849 3088 genetivo
883 2997 1185 3083 promerende
1216 2995 1353 3069 sunt.
1421 2992 1628 3086 Viginti
1665 2995 1748 3064 duo
1791 2985 1896 3079 (22)

320 3201 526 3284 exempla
558 3195 674 3271 sunt
707 3196 915 3270 nominum
947 3195 1216 3273 communium
1249 3211 1361 3283 quae
1399 3195 1454 3266 in
1484 3193 1719 3286 genetivo
1754 3207 1840 3280 per
1875 3207 1994 3262 unam

317 3397 372 3468 ·i
407 3395 648 3470 litteram
680 3395 1025 3468 terminantur.

410 3599 581 3672 deiici
856 3595 1004 3670 24156
1308 3595 1422 3668 fiii
1758 3587 1904 3664 21502

409 3799 523 3874 fiii
858 3796 1003 3872 24057
1757 3792 1905 3868 15248

856 3995 1005 4070 16574
1758 3991 1904 4066 16909

859 4195 1037 4270 221665
1758 4191 1905 4268 16496

858 4398 1004 4472 16055
1760 4393 1906 4468 19006

860 4601 1005 4674 16529
1761 4595 1908 4668 17655

861 4799 1005 4878 20957
1118 4888 1119 4891 Ν
1762 4795 1910 4869 17774
