4770 5822
323 559 379 632 in
411 577 531 632 unum
564 561 585 632 i
622 559 914 634 contractae
951 561 1084 656 sunt;
1130 563 1307 636 contra
1339 561 1488 634 autem
1520 563 1878 654 quinquaginta
1912 562 2147 650 quattuor

328 754 431 848 (54)
473 765 679 848 exempla
712 762 768 834 in
802 761 974 850 quibus
1010 763 1094 833 -ii
1129 763 1363 835 litterae
1398 781 1486 835 non
1519 761 1814 836 contractae
1850 761 1990 840 sunt.

319 963 532 1036 Nominum
562 963 830 1037 communium
858 963 1064 1038 babemus
1100 965 1279 1038 centum
1310 968 1392 1038 duo
1436 959 1570 1053 (102)
1610 965 1818 1051 exempla
1851 981 2031 1039 casuum

322 1165 681 1238 contractorum
712 1163 767 1235 et
800 1165 1005 1256 viginti
1047 1156 1152 1251 (20)
1191 1169 1396 1253 exempla
1428 1185 1516 1238 non
1550 1165 1928 1240 contractorum.
2003 1168 2148 1241 Illud

324 1363 497 1454 igitur
533 1367 790 1444 concludo:
830 1365 1003 1439 Formis
1040 1364 1334 1440 contractis
1368 1367 1453 1436 uti
1489 1365 1783 1452 scriptores
1822 1365 2082 1452 inscript-

323 1565 758 1639 immnssmffla
833 1566 2083 1654 mmamwmmmsmwhnmffismcmfid

323 1765 527 1840 ionibus
565 1763 951 1851 inscriptionum
981 1767 1339 1840 scribendarum
1371 1766 1668 1854 exquirenda
1702 1735 1808 1842 est.
1881 1769 2000 1842 Tria

317 1969 497 2042 maxine
534 1966 798 2042 efficiunt
833 1969 889 2040 ut
922 1973 1094 2044 formae
1132 1970 1423 2044 contractae
1459 1987 1548 2042 non
1581 1969 1874 2043 contractis
1913 1971 1969 2042 in

324 2165 766 2253 inscriptionibus
799 2167 1174 2263 praeponentur3
1221 2185 1340 2240 unum
1372 2171 1487 2256 quod
1520 2166 1783 2240 difficile
1822 2167 1905 2241 est
1942 2167 1999 2238 in

321 2369 497 2454 lepide
534 2369 789 2460 scribere,
832 2368 1041 2442 alterum
1074 2375 1189 2457 quod
1222 2368 1514 2456 scriptores
1550 2369 1760 2456 spatium
1790 2385 1994 2443 servare

322 2568 640 2662 studuerunt,
684 2570 893 2643 tertium
925 2575 1040 2659 quod
1071 2572 1281 2646 studium
1310 2572 1550 2644 linearum
1581 2571 1850 2658 aequalium
1881 2568 2082 2643 iacien-

323 2771 2119 2864 wmffltwaemmmwmmfflmfflwfflmmm

324 2974 380 3047 in
413 2976 556 3048 animo
589 2976 826 3048 habendae
864 2971 1001 3048 sunt.

563 3177 651 3248 cum
684 3172 857 3264 igitur
891 3173 1125 3247 rideamus
1161 3172 1454 3260 scriptores
1493 3169 1880 3258 inscriptionum
1910 3171 2086 3243 formas

323 3340 617 3448 contrectes
652 3391 739 3446 non
773 3371 1066 3447 contractis
1101 3373 1448 3488 antetulisse,
1491 3370 1642 3443 utrum
1672 3373 1820 3444 forma
1850 3368 2085 3461 genetivi

324 3592 467 3650 casus
500 3591 588 3663 per
623 3589 742 3646 unum
773 3575 826 3644 -i
863 3575 1037 3649 scribi
1073 3575 1248 3648 debeat
1291 3571 1403 3662 (cum
1432 3589 1546 3644 nemo
1582 3571 1786 3645 ceteros
1822 3589 1966 3645 casus
2003 3571 2086 3643 sic

204 3767 205 3770 ‘
323 3755 497 3848 scribi
532 3766 704 3856 velit)
745 3774 833 3844 iam
866 3789 1149 3862 quaeramus.
1263 3821 1266 3828 ·

561 3975 761 4064 Primum,
805 3977 858 4046 de
893 3971 1125 4064 genetivo
1162 3977 1373 4048 nominum
1401 3971 1703 4059 propriorum
1734 3971 1991 4044 disseram.

319 4175 558 4250 Rationes
595 4191 774 4250 casuum
806 4173 1163 4249 contractorum
1195 4175 1249 4248 et
1283 4193 1372 4248 non
1405 4172 1764 4247 contractorum
1792 4172 2003 4244 nominum

322 4376 624 4464 propriorum
655 4376 738 4448 sio
773 4377 1001 4452 scribam:

1555 4674 1610 4750 26

565 4775 620 4852 in
652 4774 887 4868 genetiuo
1015 4761 1018 4768 ’
1290 4675 1375 4894 7}ss

1317 4895 1368 4948 ir
1552 4865 1619 4952 ’ἾῘ
